<record><leader>00000cas a2200000 a 4500</leader><controlfield tag="001">25826273</controlfield><controlfield tag="008">920515c19219999iluwr ne      0   a0eng c</controlfield><datafield ind1=" " ind2=" " tag="010"><subfield code="a">sn 92053862 </subfield></datafield><datafield ind1=" " ind2=" " tag="040"><subfield code="a">NVF</subfield><subfield code="b">eng</subfield><subfield code="c">NVF</subfield><subfield code="d">OCLCQ</subfield><subfield code="d">NVF</subfield><subfield code="d">OCLCF</subfield><subfield code="d">OCLCO</subfield><subfield code="d">CUS</subfield><subfield code="d">NVF</subfield></datafield><datafield ind1=" " ind2=" " tag="042"><subfield code="a">pcc</subfield></datafield><datafield ind1=" " ind2=" " tag="043"><subfield code="a">n-us-il</subfield></datafield><datafield ind1=" " ind2="4" tag="050"><subfield code="a">AN</subfield></datafield><datafield ind1="0" ind2="0" tag="245"><subfield code="a">Sparta news-plaindealer.</subfield></datafield><datafield ind1="1" ind2="7" tag="246"><subfield code="a">News-plaindealer</subfield></datafield><datafield ind1="3" ind2=" " tag="246"><subfield code="a">Sparta news plaindealer</subfield></datafield><datafield ind1="3" ind2=" " tag="246"><subfield code="a">News plaindealer</subfield></datafield><datafield ind1=" " ind2=" " tag="260"><subfield code="a">Sparta, Ill. :</subfield><subfield code="b">Morgan &amp; Bourner,</subfield><subfield code="c">1921-</subfield></datafield><datafield ind1=" " ind2=" " tag="300"><subfield code="a">volumes</subfield></datafield><datafield ind1=" " ind2=" " tag="310"><subfield code="a">Weekly</subfield></datafield><datafield ind1=" " ind2=" " tag="336"><subfield code="a">text</subfield><subfield code="b">txt</subfield><subfield code="2">rdacontent</subfield></datafield><datafield ind1=" " ind2=" " tag="337"><subfield code="a">unmediated</subfield><subfield code="b">n</subfield><subfield code="2">rdamedia</subfield></datafield><datafield ind1=" " ind2=" " tag="338"><subfield code="a">volume</subfield><subfield code="b">cr</subfield><subfield code="2">rdacarrier</subfield></datafield><datafield ind1="0" ind2=" " tag="362"><subfield code="a">Vol. 59, no. 1 (Oct. 6, 1921)-</subfield></datafield><datafield ind1=" " ind2=" " tag="500"><subfield code="a">Editor: Howe V. Morgan.</subfield></datafield><datafield ind1=" " ind2=" " tag="500"><subfield code="a">Issue for May 19, 1939 called also "75th Anniversary edition."</subfield></datafield><datafield ind1=" " ind2=" " tag="580"><subfield code="a">Formed by the union of: Sparta news (Sparta, Ill.) and: Sparta plaindealer.</subfield></datafield><datafield ind1=" " ind2="0" tag="651"><subfield code="a">Sparta (Ill.)</subfield><subfield code="v">Newspapers.</subfield></datafield><datafield ind1=" " ind2="7" tag="651"><subfield code="a">Illinois</subfield><subfield code="z">Sparta.</subfield><subfield code="2">fast</subfield><subfield code="0">(OCoLC)fst01219151</subfield></datafield><datafield ind1=" " ind2="7" tag="655"><subfield code="a">Newspapers.</subfield><subfield code="2">fast</subfield><subfield code="0">(OCoLC)fst01423814</subfield></datafield><datafield ind1=" " ind2=" " tag="752"><subfield code="a">United States</subfield><subfield code="b">Illinois</subfield><subfield code="c">Randolph County</subfield><subfield code="d">Sparta.</subfield></datafield><datafield ind1="1" ind2="4" tag="780"><subfield code="t">Sparta news (Sparta, Ill.)</subfield><subfield code="w">(DLC)sn 92053861</subfield><subfield code="w">(OCoLC)25825737</subfield></datafield><datafield ind1="1" ind2="4" tag="780"><subfield code="t">Sparta plaindealer</subfield><subfield code="w">(DLC)sn 85034162</subfield><subfield code="w">(OCoLC)12489065</subfield></datafield><datafield ind1="4" ind2="1" tag="856"><subfield code="3">EBSCOhost: 06/11/2003 to 11/09/2009.</subfield><subfield code="u">http://search.ebscohost.com/login.aspx?direct=true&amp;db=nfh&amp;jn=Sparta+News-Plaindealer+(IL)&amp;site=ehost-live&amp;scope=site</subfield></datafield><datafield ind1="1" ind2=" " tag="029"><subfield code="a">AU@</subfield><subfield code="b">000020700637</subfield></datafield></record>